%YAML 1.1
%TAG !u! tag:unity3d.com,2011:
--- !u!1 &3550005528349039960
GameObject:
  m_ObjectHideFlags: 0
  m_CorrespondingSourceObject: {fileID: 6522755863825512516, guid: 7048d2d16117ddf4da25b9b67433ebc9,
    type: 3}
  m_PrefabInstance: {fileID: 7764589341250200860}
  m_PrefabAsset: {fileID: 0}
  serializedVersion: 6
  m_Component:
  - component: {fileID: 3550005528349039961}
  - component: {fileID: 7764589341207251340}
  m_Layer: 5
  m_Name: Lose Game Cavans
  m_TagString: Untagged
  m_Icon: {fileID: 0}
  m_NavMeshLayer: 0
  m_StaticEditorFlags: 0
  m_IsActive: 0
--- !u!224 &3550005528349039961
RectTransform:
  m_ObjectHideFlags: 0
  m_CorrespondingSourceObject: {fileID: 6522755863825512517, guid: 7048d2d16117ddf4da25b9b67433ebc9,
    type: 3}
  m_PrefabInstance: {fileID: 7764589341250200860}
  m_PrefabAsset: {fileID: 0}
  m_GameObject: {fileID: 3550005528349039960}
  m_LocalRotation: {x: -0, y: -0, z: -0, w: 1}
  m_LocalPosition: {x: 0, y: 0, z: 0}
  m_LocalScale: {x: 0.9999999, y: 0.9999999, z: 0.9999999}
  m_Children:
  - {fileID: 7764589341825102386}
  - {fileID: 7764589343117086655}
  - {fileID: 7764589342292233162}
  - {fileID: 7764589341278390781}
  - {fileID: 7764589342141640795}
  m_Father: {fileID: 0}
  m_RootOrder: 0
  m_LocalEulerAnglesHint: {x: 0, y: 0, z: 0}
  m_AnchorMin: {x: 0.5, y: 0.5}
  m_AnchorMax: {x: 0.5, y: 0.5}
  m_AnchoredPosition: {x: 0, y: -373}
  m_SizeDelta: {x: 100, y: 100}
  m_Pivot: {x: 0.5, y: 0.5}
--- !u!95 &7764589341207251340
Animator:
  serializedVersion: 3
  m_ObjectHideFlags: 0
  m_CorrespondingSourceObject: {fileID: 6522755863825512538, guid: 7048d2d16117ddf4da25b9b67433ebc9,
    type: 3}
  m_PrefabInstance: {fileID: 7764589341250200860}
  m_PrefabAsset: {fileID: 0}
  m_GameObject: {fileID: 3550005528349039960}
  m_Enabled: 1
  m_Avatar: {fileID: 0}
  m_Controller: {fileID: 9100000, guid: 1c41387cb8f645d4995ee67c9b9f7976, type: 2}
  m_CullingMode: 0
  m_UpdateMode: 0
  m_ApplyRootMotion: 0
  m_LinearVelocityBlending: 0
  m_WarningMessage: 
  m_HasTransformHierarchy: 1
  m_AllowConstantClipSamplingOptimization: 1
  m_KeepAnimatorControllerStateOnDisable: 0
--- !u!1 &7764589341278390780
GameObject:
  m_ObjectHideFlags: 0
  m_CorrespondingSourceObject: {fileID: 6522755863746574378, guid: 7048d2d16117ddf4da25b9b67433ebc9,
    type: 3}
  m_PrefabInstance: {fileID: 7764589341250200860}
  m_PrefabAsset: {fileID: 0}
  serializedVersion: 6
  m_Component:
  - component: {fileID: 7764589341278390781}
  - component: {fileID: 7764589341278390776}
  - component: {fileID: 7764589341278390783}
  - component: {fileID: 7764589341278390782}
  m_Layer: 5
  m_Name: Replay
  m_TagString: Untagged
  m_Icon: {fileID: 0}
  m_NavMeshLayer: 0
  m_StaticEditorFlags: 0
  m_IsActive: 1
--- !u!224 &7764589341278390781
RectTransform:
  m_ObjectHideFlags: 0
  m_CorrespondingSourceObject: {fileID: 6522755863746574379, guid: 7048d2d16117ddf4da25b9b67433ebc9,
    type: 3}
  m_PrefabInstance: {fileID: 7764589341250200860}
  m_PrefabAsset: {fileID: 0}
  m_GameObject: {fileID: 7764589341278390780}
  m_LocalRotation: {x: -0, y: -0, z: -0, w: 1}
  m_LocalPosition: {x: 0, y: 0, z: 0}
  m_LocalScale: {x: 0.1433982, y: 0.1571487, z: 0.1571487}
  m_Children: []
  m_Father: {fileID: 3550005528349039961}
  m_RootOrder: 3
  m_LocalEulerAnglesHint: {x: 0, y: 0, z: 0}
  m_AnchorMin: {x: 0.5, y: 0.5}
  m_AnchorMax: {x: 0.5, y: 0.5}
  m_AnchoredPosition: {x: 27.1, y: -34.4}
  m_SizeDelta: {x: 285, y: 282}
  m_Pivot: {x: 0.5, y: 0.5}
--- !u!222 &7764589341278390776
CanvasRenderer:
  m_ObjectHideFlags: 0
  m_CorrespondingSourceObject: {fileID: 6522755863746574382, guid: 7048d2d16117ddf4da25b9b67433ebc9,
    type: 3}
  m_PrefabInstance: {fileID: 7764589341250200860}
  m_PrefabAsset: {fileID: 0}
  m_GameObject: {fileID: 7764589341278390780}
  m_CullTransparentMesh: 0
--- !u!114 &7764589341278390783
MonoBehaviour:
  m_ObjectHideFlags: 0
  m_CorrespondingSourceObject: {fileID: 6522755863746574377, guid: 7048d2d16117ddf4da25b9b67433ebc9,
    type: 3}
  m_PrefabInstance: {fileID: 7764589341250200860}
  m_PrefabAsset: {fileID: 0}
  m_GameObject: {fileID: 7764589341278390780}
  m_Enabled: 1
  m_EditorHideFlags: 0
  m_Script: {fileID: -765806418, guid: f70555f144d8491a825f0804e09c671c, type: 3}
  m_Name: 
  m_EditorClassIdentifier: 
  m_Material: {fileID: 0}
  m_Color: {r: 1, g: 1, b: 1, a: 1}
  m_RaycastTarget: 1
  m_OnCullStateChanged:
    m_PersistentCalls:
      m_Calls: []
    m_TypeName: UnityEngine.UI.MaskableGraphic+CullStateChangedEvent, UnityEngine.UI,
      Version=1.0.0.0, Culture=neutral, PublicKeyToken=null
  m_Sprite: {fileID: 21300244, guid: 33e0a2b8aac57374d86da04f25289f17, type: 3}
  m_Type: 0
  m_PreserveAspect: 0
  m_FillCenter: 1
  m_FillMethod: 4
  m_FillAmount: 1
  m_FillClockwise: 1
  m_FillOrigin: 0
  m_UseSpriteMesh: 0
--- !u!114 &7764589341278390782
MonoBehaviour:
  m_ObjectHideFlags: 0
  m_CorrespondingSourceObject: {fileID: 6522755863746574376, guid: 7048d2d16117ddf4da25b9b67433ebc9,
    type: 3}
  m_PrefabInstance: {fileID: 7764589341250200860}
  m_PrefabAsset: {fileID: 0}
  m_GameObject: {fileID: 7764589341278390780}
  m_Enabled: 1
  m_EditorHideFlags: 0
  m_Script: {fileID: 1392445389, guid: f70555f144d8491a825f0804e09c671c, type: 3}
  m_Name: 
  m_EditorClassIdentifier: 
  m_Navigation:
    m_Mode: 3
    m_SelectOnUp: {fileID: 0}
    m_SelectOnDown: {fileID: 0}
    m_SelectOnLeft: {fileID: 0}
    m_SelectOnRight: {fileID: 0}
  m_Transition: 1
  m_Colors:
    m_NormalColor: {r: 1, g: 1, b: 1, a: 1}
    m_HighlightedColor: {r: 0.9607843, g: 0.9607843, b: 0.9607843, a: 1}
    m_PressedColor: {r: 0.78431374, g: 0.78431374, b: 0.78431374, a: 1}
    m_DisabledColor: {r: 0.78431374, g: 0.78431374, b: 0.78431374, a: 0.5019608}
    m_ColorMultiplier: 1
    m_FadeDuration: 0.1
  m_SpriteState:
    m_HighlightedSprite: {fileID: 0}
    m_PressedSprite: {fileID: 0}
    m_DisabledSprite: {fileID: 0}
  m_AnimationTriggers:
    m_NormalTrigger: Normal
    m_HighlightedTrigger: Highlighted
    m_PressedTrigger: Pressed
    m_DisabledTrigger: Disabled
  m_Interactable: 1
  m_TargetGraphic: {fileID: 7764589341278390783}
  m_OnClick:
    m_PersistentCalls:
      m_Calls:
      - m_Target: {fileID: 0}
        m_MethodName: Restart
        m_Mode: 1
        m_Arguments:
          m_ObjectArgument: {fileID: 0}
          m_ObjectArgumentAssemblyTypeName: UnityEngine.Object, UnityEngine
          m_IntArgument: 0
          m_FloatArgument: 0
          m_StringArgument: 
          m_BoolArgument: 0
        m_CallState: 2
    m_TypeName: UnityEngine.UI.Button+ButtonClickedEvent, UnityEngine.UI, Version=1.0.0.0,
      Culture=neutral, PublicKeyToken=null
--- !u!1 &7764589341825102385
GameObject:
  m_ObjectHideFlags: 0
  m_CorrespondingSourceObject: {fileID: 6522755863170499559, guid: 7048d2d16117ddf4da25b9b67433ebc9,
    type: 3}
  m_PrefabInstance: {fileID: 7764589341250200860}
  m_PrefabAsset: {fileID: 0}
  serializedVersion: 6
  m_Component:
  - component: {fileID: 7764589341825102386}
  - component: {fileID: 7764589341825102380}
  - component: {fileID: 7764589341825102387}
  m_Layer: 5
  m_Name: Back Ground
  m_TagString: Untagged
  m_Icon: {fileID: 0}
  m_NavMeshLayer: 0
  m_StaticEditorFlags: 0
  m_IsActive: 1
--- !u!224 &7764589341825102386
RectTransform:
  m_ObjectHideFlags: 0
  m_CorrespondingSourceObject: {fileID: 6522755863170499556, guid: 7048d2d16117ddf4da25b9b67433ebc9,
    type: 3}
  m_PrefabInstance: {fileID: 7764589341250200860}
  m_PrefabAsset: {fileID: 0}
  m_GameObject: {fileID: 7764589341825102385}
  m_LocalRotation: {x: 0, y: 0, z: 0, w: 1}
  m_LocalPosition: {x: 0, y: 0, z: 0}
  m_LocalScale: {x: 0.31158, y: 0.31158, z: 0.31158}
  m_Children: []
  m_Father: {fileID: 3550005528349039961}
  m_RootOrder: 0
  m_LocalEulerAnglesHint: {x: 0, y: 0, z: 0}
  m_AnchorMin: {x: 0.5, y: 0.5}
  m_AnchorMax: {x: 0.5, y: 0.5}
  m_AnchoredPosition: {x: 0, y: -0.00001565}
  m_SizeDelta: {x: 847, y: 612}
  m_Pivot: {x: 0.5, y: 0.5}
--- !u!222 &7764589341825102380
CanvasRenderer:
  m_ObjectHideFlags: 0
  m_CorrespondingSourceObject: {fileID: 6522755863170499578, guid: 7048d2d16117ddf4da25b9b67433ebc9,
    type: 3}
  m_PrefabInstance: {fileID: 7764589341250200860}
  m_PrefabAsset: {fileID: 0}
  m_GameObject: {fileID: 7764589341825102385}
  m_CullTransparentMesh: 0
--- !u!114 &7764589341825102387
MonoBehaviour:
  m_ObjectHideFlags: 0
  m_CorrespondingSourceObject: {fileID: 6522755863170499557, guid: 7048d2d16117ddf4da25b9b67433ebc9,
    type: 3}
  m_PrefabInstance: {fileID: 7764589341250200860}
  m_PrefabAsset: {fileID: 0}
  m_GameObject: {fileID: 7764589341825102385}
  m_Enabled: 1
  m_EditorHideFlags: 0
  m_Script: {fileID: -765806418, guid: f70555f144d8491a825f0804e09c671c, type: 3}
  m_Name: 
  m_EditorClassIdentifier: 
  m_Material: {fileID: 0}
  m_Color: {r: 1, g: 1, b: 1, a: 1}
  m_RaycastTarget: 1
  m_OnCullStateChanged:
    m_PersistentCalls:
      m_Calls: []
    m_TypeName: UnityEngine.UI.MaskableGraphic+CullStateChangedEvent, UnityEngine.UI,
      Version=1.0.0.0, Culture=neutral, PublicKeyToken=null
  m_Sprite: {fileID: 21300056, guid: 8a22a61b77ae5ee4797249f52c28113a, type: 3}
  m_Type: 0
  m_PreserveAspect: 0
  m_FillCenter: 1
  m_FillMethod: 4
  m_FillAmount: 1
  m_FillClockwise: 1
  m_FillOrigin: 0
  m_UseSpriteMesh: 0
--- !u!1 &7764589342141640794
GameObject:
  m_ObjectHideFlags: 0
  m_CorrespondingSourceObject: {fileID: 6522755863419666828, guid: 7048d2d16117ddf4da25b9b67433ebc9,
    type: 3}
  m_PrefabInstance: {fileID: 7764589341250200860}
  m_PrefabAsset: {fileID: 0}
  serializedVersion: 6
  m_Component:
  - component: {fileID: 7764589342141640795}
  - component: {fileID: 7764589342141640790}
  - component: {fileID: 7764589342141640789}
  - component: {fileID: 7764589342141640788}
  m_Layer: 5
  m_Name: Reborn
  m_TagString: Untagged
  m_Icon: {fileID: 0}
  m_NavMeshLayer: 0
  m_StaticEditorFlags: 0
  m_IsActive: 1
--- !u!224 &7764589342141640795
RectTransform:
  m_ObjectHideFlags: 0
  m_CorrespondingSourceObject: {fileID: 6522755863419666829, guid: 7048d2d16117ddf4da25b9b67433ebc9,
    type: 3}
  m_PrefabInstance: {fileID: 7764589341250200860}
  m_PrefabAsset: {fileID: 0}
  m_GameObject: {fileID: 7764589342141640794}
  m_LocalRotation: {x: -0, y: -0, z: -0, w: 1}
  m_LocalPosition: {x: 0, y: 0, z: 0}
  m_LocalScale: {x: 0.14340164, y: 0.15715122, z: 0.15715122}
  m_Children: []
  m_Father: {fileID: 3550005528349039961}
  m_RootOrder: 4
  m_LocalEulerAnglesHint: {x: 0, y: 0, z: 0}
  m_AnchorMin: {x: 0.5, y: 0.5}
  m_AnchorMax: {x: 0.5, y: 0.5}
  m_AnchoredPosition: {x: -3.2, y: 18.7}
  m_SizeDelta: {x: 285, y: 282}
  m_Pivot: {x: 0.5, y: 0.5}
--- !u!222 &7764589342141640790
CanvasRenderer:
  m_ObjectHideFlags: 0
  m_CorrespondingSourceObject: {fileID: 6522755863419666816, guid: 7048d2d16117ddf4da25b9b67433ebc9,
    type: 3}
  m_PrefabInstance: {fileID: 7764589341250200860}
  m_PrefabAsset: {fileID: 0}
  m_GameObject: {fileID: 7764589342141640794}
  m_CullTransparentMesh: 0
--- !u!114 &7764589342141640789
MonoBehaviour:
  m_ObjectHideFlags: 0
  m_CorrespondingSourceObject: {fileID: 6522755863419666819, guid: 7048d2d16117ddf4da25b9b67433ebc9,
    type: 3}
  m_PrefabInstance: {fileID: 7764589341250200860}
  m_PrefabAsset: {fileID: 0}
  m_GameObject: {fileID: 7764589342141640794}
  m_Enabled: 1
  m_EditorHideFlags: 0
  m_Script: {fileID: -765806418, guid: f70555f144d8491a825f0804e09c671c, type: 3}
  m_Name: 
  m_EditorClassIdentifier: 
  m_Material: {fileID: 0}
  m_Color: {r: 1, g: 1, b: 1, a: 1}
  m_RaycastTarget: 1
  m_OnCullStateChanged:
    m_PersistentCalls:
      m_Calls: []
    m_TypeName: UnityEngine.UI.MaskableGraphic+CullStateChangedEvent, UnityEngine.UI,
      Version=1.0.0.0, Culture=neutral, PublicKeyToken=null
  m_Sprite: {fileID: 21300036, guid: 33e0a2b8aac57374d86da04f25289f17, type: 3}
  m_Type: 0
  m_PreserveAspect: 0
  m_FillCenter: 1
  m_FillMethod: 4
  m_FillAmount: 1
  m_FillClockwise: 1
  m_FillOrigin: 0
  m_UseSpriteMesh: 0
--- !u!114 &7764589342141640788
MonoBehaviour:
  m_ObjectHideFlags: 0
  m_CorrespondingSourceObject: {fileID: 6522755863419666818, guid: 7048d2d16117ddf4da25b9b67433ebc9,
    type: 3}
  m_PrefabInstance: {fileID: 7764589341250200860}
  m_PrefabAsset: {fileID: 0}
  m_GameObject: {fileID: 7764589342141640794}
  m_Enabled: 1
  m_EditorHideFlags: 0
  m_Script: {fileID: 1392445389, guid: f70555f144d8491a825f0804e09c671c, type: 3}
  m_Name: 
  m_EditorClassIdentifier: 
  m_Navigation:
    m_Mode: 3
    m_SelectOnUp: {fileID: 0}
    m_SelectOnDown: {fileID: 0}
    m_SelectOnLeft: {fileID: 0}
    m_SelectOnRight: {fileID: 0}
  m_Transition: 1
  m_Colors:
    m_NormalColor: {r: 1, g: 1, b: 1, a: 1}
    m_HighlightedColor: {r: 0.9607843, g: 0.9607843, b: 0.9607843, a: 1}
    m_PressedColor: {r: 0.78431374, g: 0.78431374, b: 0.78431374, a: 1}
    m_DisabledColor: {r: 0.78431374, g: 0.78431374, b: 0.78431374, a: 0.5019608}
    m_ColorMultiplier: 1
    m_FadeDuration: 0.1
  m_SpriteState:
    m_HighlightedSprite: {fileID: 0}
    m_PressedSprite: {fileID: 0}
    m_DisabledSprite: {fileID: 0}
  m_AnimationTriggers:
    m_NormalTrigger: Normal
    m_HighlightedTrigger: Highlighted
    m_PressedTrigger: Pressed
    m_DisabledTrigger: Disabled
  m_Interactable: 1
  m_TargetGraphic: {fileID: 7764589342141640789}
  m_OnClick:
    m_PersistentCalls:
      m_Calls:
      - m_Target: {fileID: 0}
        m_MethodName: RebornButton
        m_Mode: 1
        m_Arguments:
          m_ObjectArgument: {fileID: 0}
          m_ObjectArgumentAssemblyTypeName: UnityEngine.Object, UnityEngine
          m_IntArgument: 0
          m_FloatArgument: 0
          m_StringArgument: 
          m_BoolArgument: 0
        m_CallState: 2
    m_TypeName: UnityEngine.UI.Button+ButtonClickedEvent, UnityEngine.UI, Version=1.0.0.0,
      Culture=neutral, PublicKeyToken=null
--- !u!1 &7764589342292233161
GameObject:
  m_ObjectHideFlags: 0
  m_CorrespondingSourceObject: {fileID: 6522755864842467871, guid: 7048d2d16117ddf4da25b9b67433ebc9,
    type: 3}
  m_PrefabInstance: {fileID: 7764589341250200860}
  m_PrefabAsset: {fileID: 0}
  serializedVersion: 6
  m_Component:
  - component: {fileID: 7764589342292233162}
  - component: {fileID: 7764589342292233157}
  - component: {fileID: 7764589342292233156}
  - component: {fileID: 7764589342292233163}
  m_Layer: 5
  m_Name: Home
  m_TagString: Untagged
  m_Icon: {fileID: 0}
  m_NavMeshLayer: 0
  m_StaticEditorFlags: 0
  m_IsActive: 1
--- !u!224 &7764589342292233162
RectTransform:
  m_ObjectHideFlags: 0
  m_CorrespondingSourceObject: {fileID: 6522755864842467868, guid: 7048d2d16117ddf4da25b9b67433ebc9,
    type: 3}
  m_PrefabInstance: {fileID: 7764589341250200860}
  m_PrefabAsset: {fileID: 0}
  m_GameObject: {fileID: 7764589342292233161}
  m_LocalRotation: {x: 0, y: 0, z: 0, w: 1}
  m_LocalPosition: {x: 0, y: 0, z: 0}
  m_LocalScale: {x: 0.14339937, y: 0.15715, z: 0.15715}
  m_Children: []
  m_Father: {fileID: 3550005528349039961}
  m_RootOrder: 2
  m_LocalEulerAnglesHint: {x: 0, y: 0, z: 0}
  m_AnchorMin: {x: 0.5, y: 0.5}
  m_AnchorMax: {x: 0.5, y: 0.5}
  m_AnchoredPosition: {x: -31.118017, y: -34.39999}
  m_SizeDelta: {x: 285, y: 282}
  m_Pivot: {x: 0.5, y: 0.5}
--- !u!222 &7764589342292233157
CanvasRenderer:
  m_ObjectHideFlags: 0
  m_CorrespondingSourceObject: {fileID: 6522755864842467859, guid: 7048d2d16117ddf4da25b9b67433ebc9,
    type: 3}
  m_PrefabInstance: {fileID: 7764589341250200860}
  m_PrefabAsset: {fileID: 0}
  m_GameObject: {fileID: 7764589342292233161}
  m_CullTransparentMesh: 0
--- !u!114 &7764589342292233156
MonoBehaviour:
  m_ObjectHideFlags: 0
  m_CorrespondingSourceObject: {fileID: 6522755864842467858, guid: 7048d2d16117ddf4da25b9b67433ebc9,
    type: 3}
  m_PrefabInstance: {fileID: 7764589341250200860}
  m_PrefabAsset: {fileID: 0}
  m_GameObject: {fileID: 7764589342292233161}
  m_Enabled: 1
  m_EditorHideFlags: 0
  m_Script: {fileID: -765806418, guid: f70555f144d8491a825f0804e09c671c, type: 3}
  m_Name: 
  m_EditorClassIdentifier: 
  m_Material: {fileID: 0}
  m_Color: {r: 1, g: 1, b: 1, a: 1}
  m_RaycastTarget: 1
  m_OnCullStateChanged:
    m_PersistentCalls:
      m_Calls: []
    m_TypeName: UnityEngine.UI.MaskableGraphic+CullStateChangedEvent, UnityEngine.UI,
      Version=1.0.0.0, Culture=neutral, PublicKeyToken=null
  m_Sprite: {fileID: 21300252, guid: 33e0a2b8aac57374d86da04f25289f17, type: 3}
  m_Type: 0
  m_PreserveAspect: 0
  m_FillCenter: 1
  m_FillMethod: 4
  m_FillAmount: 1
  m_FillClockwise: 1
  m_FillOrigin: 0
  m_UseSpriteMesh: 0
--- !u!114 &7764589342292233163
MonoBehaviour:
  m_ObjectHideFlags: 0
  m_CorrespondingSourceObject: {fileID: 6522755864842467869, guid: 7048d2d16117ddf4da25b9b67433ebc9,
    type: 3}
  m_PrefabInstance: {fileID: 7764589341250200860}
  m_PrefabAsset: {fileID: 0}
  m_GameObject: {fileID: 7764589342292233161}
  m_Enabled: 1
  m_EditorHideFlags: 0
  m_Script: {fileID: 1392445389, guid: f70555f144d8491a825f0804e09c671c, type: 3}
  m_Name: 
  m_EditorClassIdentifier: 
  m_Navigation:
    m_Mode: 3
    m_SelectOnUp: {fileID: 0}
    m_SelectOnDown: {fileID: 0}
    m_SelectOnLeft: {fileID: 0}
    m_SelectOnRight: {fileID: 0}
  m_Transition: 1
  m_Colors:
    m_NormalColor: {r: 1, g: 1, b: 1, a: 1}
    m_HighlightedColor: {r: 0.9607843, g: 0.9607843, b: 0.9607843, a: 1}
    m_PressedColor: {r: 0.78431374, g: 0.78431374, b: 0.78431374, a: 1}
    m_DisabledColor: {r: 0.78431374, g: 0.78431374, b: 0.78431374, a: 0.5019608}
    m_ColorMultiplier: 1
    m_FadeDuration: 0.1
  m_SpriteState:
    m_HighlightedSprite: {fileID: 0}
    m_PressedSprite: {fileID: 0}
    m_DisabledSprite: {fileID: 0}
  m_AnimationTriggers:
    m_NormalTrigger: Normal
    m_HighlightedTrigger: Highlighted
    m_PressedTrigger: Pressed
    m_DisabledTrigger: Disabled
  m_Interactable: 1
  m_TargetGraphic: {fileID: 7764589342292233156}
  m_OnClick:
    m_PersistentCalls:
      m_Calls:
      - m_Target: {fileID: 0}
        m_MethodName: HomeButton
        m_Mode: 1
        m_Arguments:
          m_ObjectArgument: {fileID: 0}
          m_ObjectArgumentAssemblyTypeName: UnityEngine.Object, UnityEngine
          m_IntArgument: 0
          m_FloatArgument: 0
          m_StringArgument: 
          m_BoolArgument: 0
        m_CallState: 2
    m_TypeName: UnityEngine.UI.Button+ButtonClickedEvent, UnityEngine.UI, Version=1.0.0.0,
      Culture=neutral, PublicKeyToken=null
--- !u!1 &7764589343117086654
GameObject:
  m_ObjectHideFlags: 0
  m_CorrespondingSourceObject: {fileID: 6522755864596332136, guid: 7048d2d16117ddf4da25b9b67433ebc9,
    type: 3}
  m_PrefabInstance: {fileID: 7764589341250200860}
  m_PrefabAsset: {fileID: 0}
  serializedVersion: 6
  m_Component:
  - component: {fileID: 7764589343117086655}
  - component: {fileID: 7764589343117086649}
  - component: {fileID: 7764589343117086648}
  m_Layer: 5
  m_Name: TextMeshPro Text
  m_TagString: Untagged
  m_Icon: {fileID: 0}
  m_NavMeshLayer: 0
  m_StaticEditorFlags: 0
  m_IsActive: 1
--- !u!224 &7764589343117086655
RectTransform:
  m_ObjectHideFlags: 0
  m_CorrespondingSourceObject: {fileID: 6522755864596332137, guid: 7048d2d16117ddf4da25b9b67433ebc9,
    type: 3}
  m_PrefabInstance: {fileID: 7764589341250200860}
  m_PrefabAsset: {fileID: 0}
  m_GameObject: {fileID: 7764589343117086654}
  m_LocalRotation: {x: 0, y: 0, z: 0, w: 1}
  m_LocalPosition: {x: 0, y: 0, z: 0}
  m_LocalScale: {x: 0.86838, y: 0.86838, z: 0.86838}
  m_Children: []
  m_Father: {fileID: 3550005528349039961}
  m_RootOrder: 1
  m_LocalEulerAnglesHint: {x: 0, y: 0, z: 0}
  m_AnchorMin: {x: 0.5, y: 0.5}
  m_AnchorMax: {x: 0.5, y: 0.5}
  m_AnchoredPosition: {x: -3, y: 70.1}
  m_SizeDelta: {x: 200, y: 50}
  m_Pivot: {x: 0.5, y: 0.5}
--- !u!222 &7764589343117086649
CanvasRenderer:
  m_ObjectHideFlags: 0
  m_CorrespondingSourceObject: {fileID: 6522755864596332143, guid: 7048d2d16117ddf4da25b9b67433ebc9,
    type: 3}
  m_PrefabInstance: {fileID: 7764589341250200860}
  m_PrefabAsset: {fileID: 0}
  m_GameObject: {fileID: 7764589343117086654}
  m_CullTransparentMesh: 0
--- !u!114 &7764589343117086648
MonoBehaviour:
  m_ObjectHideFlags: 0
  m_CorrespondingSourceObject: {fileID: 6522755864596332142, guid: 7048d2d16117ddf4da25b9b67433ebc9,
    type: 3}
  m_PrefabInstance: {fileID: 7764589341250200860}
  m_PrefabAsset: {fileID: 0}
  m_GameObject: {fileID: 7764589343117086654}
  m_Enabled: 1
  m_EditorHideFlags: 0
  m_Script: {fileID: 11500000, guid: f4688fdb7df04437aeb418b961361dc5, type: 3}
  m_Name: 
  m_EditorClassIdentifier: 
  m_Material: {fileID: 0}
  m_Color: {r: 1, g: 1, b: 1, a: 1}
  m_RaycastTarget: 1
  m_OnCullStateChanged:
    m_PersistentCalls:
      m_Calls: []
    m_TypeName: UnityEngine.UI.MaskableGraphic+CullStateChangedEvent, UnityEngine.UI,
      Version=1.0.0.0, Culture=neutral, PublicKeyToken=null
  m_text: You Lose
  m_isRightToLeft: 0
  m_fontAsset: {fileID: 11400000, guid: 8f586378b4e144a9851e7b34d9b748ee, type: 2}
  m_sharedMaterial: {fileID: 2180264, guid: 8f586378b4e144a9851e7b34d9b748ee, type: 2}
  m_fontSharedMaterials: []
  m_fontMaterial: {fileID: 0}
  m_fontMaterials: []
  m_fontColor32:
    serializedVersion: 2
    rgba: 4294967295
  m_fontColor: {r: 1, g: 1, b: 1, a: 1}
  m_enableVertexGradient: 0
  m_colorMode: 3
  m_fontColorGradient:
    topLeft: {r: 1, g: 1, b: 1, a: 1}
    topRight: {r: 1, g: 1, b: 1, a: 1}
    bottomLeft: {r: 1, g: 1, b: 1, a: 1}
    bottomRight: {r: 1, g: 1, b: 1, a: 1}
  m_fontColorGradientPreset: {fileID: 0}
  m_spriteAsset: {fileID: 0}
  m_tintAllSprites: 0
  m_overrideHtmlColors: 0
  m_faceColor:
    serializedVersion: 2
    rgba: 4294967295
  m_outlineColor:
    serializedVersion: 2
    rgba: 4278190080
  m_fontSize: 36
  m_fontSizeBase: 36
  m_fontWeight: 400
  m_enableAutoSizing: 0
  m_fontSizeMin: 18
  m_fontSizeMax: 72
  m_fontStyle: 1
  m_textAlignment: 258
  m_isAlignmentEnumConverted: 1
  m_characterSpacing: 0
  m_wordSpacing: 0
  m_lineSpacing: 0
  m_lineSpacingMax: 0
  m_paragraphSpacing: 0
  m_charWidthMaxAdj: 0
  m_enableWordWrapping: 1
  m_wordWrappingRatios: 0.4
  m_overflowMode: 0
  m_firstOverflowCharacterIndex: -1
  m_linkedTextComponent: {fileID: 0}
  m_isLinkedTextComponent: 0
  m_isTextTruncated: 0
  m_enableKerning: 1
  m_enableExtraPadding: 0
  checkPaddingRequired: 0
  m_isRichText: 1
  m_parseCtrlCharacters: 1
  m_isOrthographic: 1
  m_isCullingEnabled: 0
  m_ignoreRectMaskCulling: 0
  m_ignoreCulling: 1
  m_horizontalMapping: 0
  m_verticalMapping: 0
  m_uvLineOffset: 0
  m_geometrySortingOrder: 0
  m_firstVisibleCharacter: 0
  m_useMaxVisibleDescender: 1
  m_pageToDisplay: 1
  m_margin: {x: 0, y: 0, z: 0, w: 0}
  m_textInfo:
    textComponent: {fileID: 7764589343117086648}
    characterCount: 8
    spriteCount: 0
    spaceCount: 1
    wordCount: 2
    linkCount: 0
    lineCount: 1
    pageCount: 1
    materialCount: 1
  m_havePropertiesChanged: 1
  m_isUsingLegacyAnimationComponent: 0
  m_isVolumetricText: 0
  m_spriteAnimator: {fileID: 0}
  m_isInputParsingRequired: 1
  m_inputSource: 0
  m_hasFontAssetChanged: 0
  m_subTextObjects:
  - {fileID: 0}
  - {fileID: 0}
  - {fileID: 0}
  - {fileID: 0}
  - {fileID: 0}
  - {fileID: 0}
  - {fileID: 0}
  - {fileID: 0}
  m_baseMaterial: {fileID: 0}
  m_maskOffset: {x: 0, y: 0, z: 0, w: 0}
--- !u!1001 &7764589341250200860
PrefabInstance:
  m_ObjectHideFlags: 0
  serializedVersion: 2
  m_Modification:
    m_TransformParent: {fileID: 0}
    m_Modifications:
    - target: {fileID: 6522755863825512516, guid: 7048d2d16117ddf4da25b9b67433ebc9,
        type: 3}
      propertyPath: m_Name
      value: Lose Game Cavans
      objectReference: {fileID: 0}
    - target: {fileID: 6522755863825512517, guid: 7048d2d16117ddf4da25b9b67433ebc9,
        type: 3}
      propertyPath: m_LocalPosition.x
      value: 0
      objectReference: {fileID: 0}
    - target: {fileID: 6522755863825512517, guid: 7048d2d16117ddf4da25b9b67433ebc9,
        type: 3}
      propertyPath: m_LocalPosition.y
      value: 0
      objectReference: {fileID: 0}
    - target: {fileID: 6522755863825512517, guid: 7048d2d16117ddf4da25b9b67433ebc9,
        type: 3}
      propertyPath: m_LocalPosition.z
      value: 0
      objectReference: {fileID: 0}
    - target: {fileID: 6522755863825512517, guid: 7048d2d16117ddf4da25b9b67433ebc9,
        type: 3}
      propertyPath: m_LocalRotation.x
      value: -0
      objectReference: {fileID: 0}
    - target: {fileID: 6522755863825512517, guid: 7048d2d16117ddf4da25b9b67433ebc9,
        type: 3}
      propertyPath: m_LocalRotation.y
      value: -0
      objectReference: {fileID: 0}
    - target: {fileID: 6522755863825512517, guid: 7048d2d16117ddf4da25b9b67433ebc9,
        type: 3}
      propertyPath: m_LocalRotation.z
      value: -0
      objectReference: {fileID: 0}
    - target: {fileID: 6522755863825512517, guid: 7048d2d16117ddf4da25b9b67433ebc9,
        type: 3}
      propertyPath: m_LocalRotation.w
      value: 1
      objectReference: {fileID: 0}
    - target: {fileID: 6522755863825512517, guid: 7048d2d16117ddf4da25b9b67433ebc9,
        type: 3}
      propertyPath: m_RootOrder
      value: 2
      objectReference: {fileID: 0}
    - target: {fileID: 6522755863825512517, guid: 7048d2d16117ddf4da25b9b67433ebc9,
        type: 3}
      propertyPath: m_LocalEulerAnglesHint.x
      value: 0
      objectReference: {fileID: 0}
    - target: {fileID: 6522755863825512517, guid: 7048d2d16117ddf4da25b9b67433ebc9,
        type: 3}
      propertyPath: m_LocalEulerAnglesHint.y
      value: 0
      objectReference: {fileID: 0}
    - target: {fileID: 6522755863825512517, guid: 7048d2d16117ddf4da25b9b67433ebc9,
        type: 3}
      propertyPath: m_LocalEulerAnglesHint.z
      value: 0
      objectReference: {fileID: 0}
    - target: {fileID: 6522755863825512517, guid: 7048d2d16117ddf4da25b9b67433ebc9,
        type: 3}
      propertyPath: m_AnchoredPosition.x
      value: 0
      objectReference: {fileID: 0}
    - target: {fileID: 6522755863825512517, guid: 7048d2d16117ddf4da25b9b67433ebc9,
        type: 3}
      propertyPath: m_AnchoredPosition.y
      value: -373
      objectReference: {fileID: 0}
    - target: {fileID: 6522755863825512517, guid: 7048d2d16117ddf4da25b9b67433ebc9,
        type: 3}
      propertyPath: m_SizeDelta.x
      value: 100
      objectReference: {fileID: 0}
    - target: {fileID: 6522755863825512517, guid: 7048d2d16117ddf4da25b9b67433ebc9,
        type: 3}
      propertyPath: m_SizeDelta.y
      value: 100
      objectReference: {fileID: 0}
    - target: {fileID: 6522755863825512517, guid: 7048d2d16117ddf4da25b9b67433ebc9,
        type: 3}
      propertyPath: m_AnchorMin.x
      value: 0.5
      objectReference: {fileID: 0}
    - target: {fileID: 6522755863825512517, guid: 7048d2d16117ddf4da25b9b67433ebc9,
        type: 3}
      propertyPath: m_AnchorMin.y
      value: 0.5
      objectReference: {fileID: 0}
    - target: {fileID: 6522755863825512517, guid: 7048d2d16117ddf4da25b9b67433ebc9,
        type: 3}
      propertyPath: m_AnchorMax.x
      value: 0.5
      objectReference: {fileID: 0}
    - target: {fileID: 6522755863825512517, guid: 7048d2d16117ddf4da25b9b67433ebc9,
        type: 3}
      propertyPath: m_AnchorMax.y
      value: 0.5
      objectReference: {fileID: 0}
    - target: {fileID: 6522755863825512517, guid: 7048d2d16117ddf4da25b9b67433ebc9,
        type: 3}
      propertyPath: m_Pivot.x
      value: 0.5
      objectReference: {fileID: 0}
    - target: {fileID: 6522755863825512517, guid: 7048d2d16117ddf4da25b9b67433ebc9,
        type: 3}
      propertyPath: m_Pivot.y
      value: 0.5
      objectReference: {fileID: 0}
    - target: {fileID: 6522755864842467869, guid: 7048d2d16117ddf4da25b9b67433ebc9,
        type: 3}
      propertyPath: m_OnClick.m_PersistentCalls.m_Calls.Array.data[0].m_Target
      value: 
      objectReference: {fileID: 0}
    - target: {fileID: 6522755863746574376, guid: 7048d2d16117ddf4da25b9b67433ebc9,
        type: 3}
      propertyPath: m_OnClick.m_PersistentCalls.m_Calls.Array.data[0].m_Target
      value: 
      objectReference: {fileID: 0}
    - target: {fileID: 6522755863419666818, guid: 7048d2d16117ddf4da25b9b67433ebc9,
        type: 3}
      propertyPath: m_OnClick.m_PersistentCalls.m_Calls.Array.data[0].m_Target
      value: 
      objectReference: {fileID: 0}
    m_RemovedComponents: []
  m_SourcePrefab: {fileID: 100100000, guid: 7048d2d16117ddf4da25b9b67433ebc9, type: 3}
